<collection xmlns="http://www.loc.gov/MARC21/slim">
<record>
  <leader>02005nam0a2200325 i 450 </leader>
  <controlfield tag="001">IT\ICCU\CNCE\029925</controlfield>
  <controlfield tag="005">20091015000000.0</controlfield>
  <datafield tag="012" ind1=" " ind2=" ">
    <subfield code="a">e-a- uopo eler diga (3) 1508 (R)</subfield>
    <subfield code="2">fei</subfield>
  </datafield>
  <datafield tag="100" ind1=" " ind2=" ">
    <subfield code="a">19971124d1508        0itac0103    ba</subfield>
  </datafield>
  <datafield tag="101" ind1=" " ind2=" ">
    <subfield code="a">ITA</subfield>
  </datafield>
  <datafield tag="102" ind1=" " ind2=" ">
    <subfield code="a">IT</subfield>
  </datafield>
  <datafield tag="200" ind1="1" ind2=" ">
    <subfield code="a">Libro de la natura di caualli: &amp; el modo di rileuarli: medicarli: &amp; domarli: &amp; cognoscerli: &amp; quali son boni: &amp; del modo de farli perfecti: &amp; trarli da iuicii quali sono uiciati: &amp; del modo de ferarli bene: &amp; mantenirli in possanza &amp; gagliardi. Et de qual sorte morsi alor si conuiene secondo le nature uicii o qualita di quelli: di qual son tutti instoriati in questo, &amp;c. Item in simel modo tratta de la natura di rileuar: medicar: gouernar, &amp; mantenir spaliuieri astori falconi &amp; simili, &amp;c</subfield>
  </datafield>
  <datafield tag="210" ind1=" " ind2=" ">
    <subfield code="e">Venetiis</subfield>
    <subfield code="g">per Melchiorem Sessa</subfield>
    <subfield code="h">1508 die 14 mensis Martii</subfield>
  </datafield>
  <datafield tag="215" ind1=" " ind2=" ">
    <subfield code="a">44 c.</subfield>
    <subfield code="c">ill.</subfield>
    <subfield code="d">4ʻ</subfield>
  </datafield>
  <datafield tag="300" ind1=" " ind2=" ">
    <subfield code="a">A c. 28v si trova l&apos;&quot;Opera nobilissima&quot; di Agogo Mago</subfield>
  </datafield>
  <datafield tag="423" ind1=" " ind2="0">
    <subfield code="1">001IT\ICCU\CNCE\071282</subfield>
    <subfield code="1">2001 </subfield>
    <subfield code="a">Opera nobilissima composta per lo excelente maistro Agogo Mago re de tute le passion viena a falconi astori e sparaveri.</subfield>
  </datafield>
  <datafield tag="620" ind1=" " ind2=" ">
    <subfield code="a">IT</subfield>
    <subfield code="d">Venezia</subfield>
  </datafield>
  <datafield tag="702" ind1=" " ind2="1">
    <subfield code="a">Ruffo,</subfield>
    <subfield code="b">Giordano</subfield>
    <subfield code="3">IT\ICCU\CNCA\006950</subfield>
  </datafield>
  <datafield tag="702" ind1=" " ind2="0">
    <subfield code="a">Agogo Mago</subfield>
    <subfield code="3">IT\ICCU\CNCA\027604</subfield>
  </datafield>
  <datafield tag="712" ind1="0" ind2="0">
    <subfield code="a">Sessa, Melchiorre</subfield>
    <subfield code="c"> &lt;1.&gt;</subfield>
    <subfield code="3">IT\ICCU\CNCT\000057</subfield>
    <subfield code="4">650</subfield>
  </datafield>
  <datafield tag="790" ind1=" " ind2="1">
    <subfield code="a">Rusto,</subfield>
    <subfield code="b">Giordano</subfield>
    <subfield code="3">IT\ICCU\CNCA\018305</subfield>
    <subfield code="z">Ruffo, Giordano</subfield>
  </datafield>
  <datafield tag="790" ind1=" " ind2="1">
    <subfield code="a">Ruffus,</subfield>
    <subfield code="b">Jordanus</subfield>
    <subfield code="3">IT\ICCU\CNCA\023494</subfield>
    <subfield code="z">Ruffo, Giordano</subfield>
  </datafield>
  <datafield tag="790" ind1=" " ind2="1">
    <subfield code="a">Rufus,</subfield>
    <subfield code="b">Jordanus</subfield>
    <subfield code="3">IT\ICCU\CNCA\023495</subfield>
    <subfield code="z">Ruffo, Giordano</subfield>
  </datafield>
  <datafield tag="790" ind1=" " ind2="1">
    <subfield code="a">Mago,</subfield>
    <subfield code="b">Agogo</subfield>
    <subfield code="3">IT\ICCU\CNCA\028544</subfield>
    <subfield code="z">Agogo Mago</subfield>
  </datafield>
  <datafield tag="791" ind1="0" ind2="0">
    <subfield code="a">Sessa, Marchio</subfield>
    <subfield code="c"> &lt;1.&gt;</subfield>
    <subfield code="3">IT\ICCU\CNCT\005661</subfield>
    <subfield code="z">Sessa, Melchiorre &lt;1.&gt;</subfield>
  </datafield>
  <datafield tag="801" ind1=" " ind2="3">
    <subfield code="a">IT</subfield>
    <subfield code="b">ICCU</subfield>
    <subfield code="c">20201114</subfield>
  </datafield>
  <datafield tag="899" ind1=" " ind2=" ">
    <subfield code="a">Biblioteca Apostolica Vaticana. Citt ̉del Vaticano</subfield>
    <subfield code="1">EX0001</subfield>
    <subfield code="2">ZCV 01</subfield>
  </datafield>
  <datafield tag="899" ind1=" " ind2=" ">
    <subfield code="a">Biblioteca Medicea Laurenziana. Firenze</subfield>
    <subfield code="1">FI0100</subfield>
    <subfield code="2">CFI ML</subfield>
  </datafield>
  <datafield tag="899" ind1=" " ind2=" ">
    <subfield code="a">Biblioteca comunale Teresiana. Mantova</subfield>
    <subfield code="1">MN0035</subfield>
    <subfield code="2">LO1 12</subfield>
  </datafield>
  <datafield tag="899" ind1=" " ind2=" ">
    <subfield code="a">Biblioteca centrale della Regione siciliana Alberto Bombace. Palermo</subfield>
    <subfield code="1">PA0064</subfield>
    <subfield code="2">PAL BP</subfield>
  </datafield>
</record>
</collection>
